@article{lstm_trading,
  title={LSTM-based deep learning model for predicting stock market movements using sentiment analysis},
  author={Nelson, David MQ and Pereira, Adriano CM and de Oliveira, Renato A},
  journal={Expert Systems with Applications},
  volume={92},
  pages={372--384},
  year={2018},
  publisher={Elsevier}
}

@article{risk_management,
  title={Risk management in algorithmic trading},
  author={Chan, Nicholas T and LeBaron, Blake and Lo, Andrew W and Poggio, Tomaso},
  journal={MIT Sloan Research Paper},
  volume={4718},
  year={2001}
}

@article{technical_analysis,
  title={Technical analysis and machine learning: A systematic review},
  author={Cavalcante, Ricardo C and Brasileiro, Roberto C and Souza, Victor LF and Nobrega, Jose P and Oliveira, Andre LI},
  journal={Expert Systems with Applications},
  volume={54},
  pages={41--53},
  year={2016},
  publisher={Elsevier}
}

@article{portfolio_optimization,
  title={Portfolio optimization with machine learning},
  author={Dixon, Matthew and Klabjan, Diego and Bang, Jin Hoon},
  journal={Journal of Financial Data Science},
  volume={2},
  number={1},
  pages={8--20},
  year={2020}
}

@article{adaptive_trading,
  title={Adaptive trading strategies and market efficiency},
  author={Lo, Andrew W and MacKinlay, A Craig},
  journal={Journal of Finance},
  volume={45},
  number={2},
  pages={365--383},
  year={1990}
}

@article{backtesting,
  title={Backtesting trading strategies},
  author={Lopez de Prado, Marcos},
  journal={Journal of Portfolio Management},
  volume={39},
  number={4},
  pages={13--28},
  year={2013}
}

@article{market_prediction,
  title={Deep learning for market prediction},
  author={Fischer, Thomas and Krauss, Christopher},
  journal={Journal of Financial Markets},
  volume={42},
  pages={50--63},
  year={2018},
  publisher={Elsevier}
}

@article{risk_metrics,
  title={Risk metrics for algorithmic trading},
  author={Cont, Rama},
  journal={Quantitative Finance},
  volume={11},
  number={3},
  pages={341--352},
  year={2011}
}

@article{ml_trading_review,
  title={Machine learning in algorithmic trading: A systematic review},
  author={Dixon, Matthew and Halperin, Igor and Bilokon, Paul},
  journal={Journal of Financial Data Science},
  volume={2},
  number={1},
  pages={1--7},
  year={2020}
}

@article{position_sizing,
  title={Optimal position sizing for algorithmic trading},
  author={Chan, Ernest P},
  journal={Quantitative Trading},
  pages={89--112},
  year={2013},
  publisher={Wiley}
} 